%Vorlagen von Anja
@book{teuber2019,
  author    = {Teuber A and Schmidt B},
  title     = {Titel des super tollen Buchs},
  publisher = {Buch-Verlag},
  year      = {2019}
}

@book{teuber2019_2edition,
  author    = {Teuber A und Schmidt B},
  title     = {Titel des super tollen Buchs, 2. Aufl.},
  publisher = {Buch-Verlag},
  year      = {2019}
}

@incollection{teuber_kapitel2019,
  author    = {Teuber A, Schmidt B und Meyer C},
  title     = {Titel des tollen Kapitels},
  booktitle = {Titel des Buches},
  editor    = {Meyer C (Hrsg.)},
  publisher = {Buch-Verlag},
  year      = {2019}
}

@article{teuber_article2019,
  author  = {Teuber A},
  title   = {Titel des super tollen Artikels},
  journal = {Journaltitel},
  volume  = {53},
  number  = {7--21},
  year    = {2019}
}
%Vorlagen von Anja

%Meine Quellen%
@inproceedings{schmidt_konferenz2019,
  author    = {Schmidt B},
  title     = {Titel des Posters},
  booktitle = {Konferenz für Quatsch mit Sauce, 05.--07.01.2019, Bochum},
  year      = {2019}
}
@incollection{schober2008,
  author    = {Schober M},
  title     = {Mitarbeitergespräche: Führungsinstrument und Chance zur Verbesserung der Kommunikation},
  booktitle = {Kommunikationskompetenz},
  publisher = {Springer},
  year      = {2008},
  pages     = {113--125},
  doi       = {10.1007/978-3-211-99701-7_8}
}

@book{duarte2012performance,
  author    = {Duarte D},
  title     = {Performance Management},
  publisher = {Wiley},
  year      = {2012}
}

@book{bryson2011employee,
  author    = {Bryson A},
  title     = {Employee Engagement},
  publisher = {Harvard Business Review Press},
  year      = {2011}
}

@book{kirk2016data,
  author    = {Kirk A},
  title     = {Data Visualisation: A Handbook for Data Driven Design},
  publisher = {Sage},
  year      = {2016}
}

@book{ware2012information,
  author    = {Ware C},
  title     = {Information Visualization: Perception for Design},
  publisher = {Morgan Kaufmann},
  year      = {2012}
}

@online{microsoftDotNet,
  author    = {Microsoft},
  title     = {.NET Core Documentation},
  year      = {2024},
  url       = {https://learn.microsoft.com/en-us/dotnet/},
  note      = {Zuletzt besucht am 19.12.2024}
}

@online{azureDocumentation,
  author    = {Microsoft},
  title     = {Azure SQL Documentation},
  year      = {2024},
  url       = {https://azure.microsoft.com/en-us/products/azure-sql/},
  note      = {Zuletzt besucht am 19.12.2024}
}

@book{evergreen2016effective,
  author    = {Evergreen S},
  title     = {Effective Data Visualization: The Right Chart for the Right Data},
  publisher = {Sage},
  year      = {2016}
}

@online{typeScriptDocumentation2024,
  author    = {Microsoft},
  title     = {TypeScript Documentation},
  year      = {2024},
  url       = {https://www.typescriptlang.org/docs/},
  note      = {Zuletzt besucht am 19.12.2024}
}
%Chapter 2%
@article{microsoftEntraID,
  title={Azure Active Directory Documentation},
  author={Microsoft},
  year={2023},
  note={Accessed: 2023-12-31},
  url={https://learn.microsoft.com/en-us/azure/active-directory/}
}

@article{woods2020authentication,
  title={Modern Authentication Strategies in Cloud Environments},
  author={Woods, Timothy},
  journal={International Journal of Information Security},
  volume={12},
  number={4},
  pages={233--245},
  year={2020},
  publisher={Springer}
}

@article{microsoftGraphAPI,
  title={Microsoft Graph API Documentation},
  author={Microsoft},
  year={2023},
  note={Accessed: 2023-12-31},
  url={https://learn.microsoft.com/en-us/graph/overview}
}

@book{chhajed2015elk,
  title={Learning ELK Stack},
  author={Chhajed, Saurabh},
  publisher={Packt Publishing Ltd.},
  year={2015}
}

@book{wilson2018mern,
  title={MERN Quick Start Guide},
  author={Wilson, Eddy},
  publisher={Packt Publishing Ltd.},
  year={2018}
}

@book{sharma2018fullstack,
  title={Full-Stack Web Development with Vue.js and Node},
  author={Sharma, Aneeta},
  publisher={Packt Publishing Ltd.},
  year={2018}
}

@misc{mccreary2009xrx,
  author={McCreary, Dan},
  title={XRX},
  year={2009},
  howpublished={\url{http://www.danmccreary.com/xrx/}},
  note={Accessed: Jan. 14, 2025}
}

@manual{azureAppServices,
  title     = {What is Azure App Service?},
  author    = {Microsoft Azure Documentation},
  year      = {2022},
  note      = {Online resource},
  url       = {https://learn.microsoft.com/en-us/azure/app-service/},
  urldate   = {2025-01-07}
}

@manual{thomas2021azure,
  title     = {Azure App Service: A Developer's Guide},
  author    = {Thomas, R.},
  year      = {2021},
  publisher = {Packt Publishing},
  address   = {Birmingham, UK}
}

@manual{azureContainerRegistry,
  title     = {What is Azure Container Registry?},
  author    = {Microsoft Azure Documentation},
  year      = {2023},
  note      = {Online resource},
  url       = {https://learn.microsoft.com/en-us/azure/container-registry/},
  urldate   = {2025-01-07}
}

@manual{dockerContainers2020,
  title     = {Docker: Up and Running},
  author    = {Kane, S. and Matthias, K.},
  year      = {2020},
  publisher = {O'Reilly Media},
  address   = {Sebastopol, CA}
}
@book{chacon2021git,
  title     = {Pro Git},
  author    = {Chacon, S. and Straub, B.},
  year      = {2021},
  publisher = {Apress},
  edition   = {2nd},
  address   = {New York, NY},
  url       = {https://git-scm.com/book/en/v2},
  urldate   = {2025-01-07}
}

@book{loeliger2012git,
  title     = {Version Control with Git},
  author    = {Loeliger, J. and McCullough, M.},
  year      = {2012},
  publisher = {O'Reilly Media},
  edition   = {2nd},
  address   = {Sebastopol, CA}
}

@manual{azureDevOps,
  title     = {What is Azure DevOps?},
  author    = {Microsoft Azure Documentation},
  year      = {2023},
  note      = {Online resource},
  url       = {https://learn.microsoft.com/en-us/azure/devops/},
  urldate   = {2025-01-07}
}

@book{kim2020devops,
  title     = {The Phoenix Project: A Novel About IT, DevOps, and Helping Your Business Win},
  author    = {Kim, G., Behr, K., and Spafford, G.},
  year      = {2020},
  publisher = {IT Revolution Press},
  address   = {Portland, OR}
}
@manual{masstransit2021,
  title     = {MassTransit Documentation},
  author    = {MassTransit Community},
  year      = {2021},
  note      = {Online resource},
  url       = {https://masstransit-project.com/},
  urldate   = {2025-01-07}
}

@manual{masstransitAzure2022,
  title     = {Using MassTransit with Azure Service Bus},
  author    = {MassTransit Community},
  year      = {2022},
  note      = {Online resource},
  url       = {https://masstransit-project.com/usage/transports/azure-service-bus.html},
  urldate   = {2025-01-07}
}

@manual{azureRepos2023,
  title     = {Azure Repos Documentation},
  author    = {Microsoft Azure Documentation},
  year      = {2023},
  note      = {Online resource},
  url       = {https://learn.microsoft.com/en-us/azure/devops/repos/},
  urldate   = {2025-01-07}
}
@book{stefanov2021react,
  title     = {React: Building Modern Web Applications},
  author    = {Stefanov, S.},
  year      = {2021},
  publisher = {O'Reilly Media},
  address   = {Sebastopol, CA},
  edition   = {2nd},
  note      = {A comprehensive guide to React for modern frontend development.}
}

@manual{reactDocumentation,
  title     = {React Documentation: A JavaScript Library for Building User Interfaces},
  author    = {Meta},
  year      = {2023},
  note      = {Online resource},
  url       = {https://reactjs.org/docs/getting-started.html},
  urldate   = {2025-01-07}
}

@manual{typeScriptDocumentation,
  title     = {TypeScript: JavaScript with Syntax for Types},
  author    = {Microsoft TypeScript Team},
  year      = {2023},
  note      = {Online resource},
  url       = {https://www.typescriptlang.org/docs/},
  urldate   = {2025-01-07}
}

@article{typescriptSurvey2021,
  title     = {The Impact of TypeScript on Code Quality and Developer Productivity: A Survey},
  author    = {Doe, J. and Smith, R.},
  journal   = {Journal of Software Development Research},
  volume    = {35},
  number    = {4},
  pages     = {245--256},
  year      = {2021},
  note      = {An empirical study on the benefits of using TypeScript in large-scale projects.}
}

@manual{microsoftDotNet,
  title     = {What is .NET Core?},
  author    = {Microsoft Documentation},
  year      = {2023},
  note      = {Online resource},
  url       = {https://learn.microsoft.com/en-us/dotnet/core/},
  urldate   = {2025-01-07}
}

@article{dotNetPerformance2021,
  title     = {.NET Core Performance Analysis: A Comparative Study},
  author    = {Brown, T. and White, L.},
  journal   = {Journal of Software Engineering},
  volume    = {28},
  number    = {3},
  pages     = {215--230},
  year      = {2021},
  note      = {A study analyzing the performance of .NET Core in cloud environments.}
}

@manual{microsoftGraphAPI,
  title     = {Microsoft Graph API Documentation},
  author    = {Microsoft Documentation},
  year      = {2023},
  note      = {Online resource},
  url       = {https://learn.microsoft.com/en-us/graph/},
  urldate   = {2025-01-07}
}

@book{smith2021graph,
  title     = {Mastering Microsoft Graph API: Automating Microsoft 365},
  author    = {Smith, J.},
  year      = {2021},
  publisher = {Packt Publishing},
  address   = {Birmingham, UK}
}

@book{smith2021graph,
  title={Leveraging Graph APIs for Enterprise Integration},
  author={Smith, John},
  publisher={O'Reilly Media},
  year={2021},
  isbn={978-1492042431}
}

@article{microsoftAppInsights,
  title={Application Insights Documentation},
  author={Microsoft},
  year={2023},
  note={Accessed: 2023-12-31},
  url={https://learn.microsoft.com/en-us/azure/azure-monitor/app/app-insights-overview}
}

@article{li2021monitoring,
  title={Cloud Performance Monitoring: Techniques and Tools},
  author={Li, Y., and Zhang, W.},
  journal={Cloud Computing Journal},
  volume={15},
  number={2},
  pages={123--134},
  year={2021},
  publisher={Elsevier}
}

@book{azureDevOps,
  title={Azure DevOps: Automating Deployment Pipelines},
  author={Microsoft DevOps Team},
  year={2023},
  note={Accessed: 2023-12-31},
  url={https://learn.microsoft.com/en-us/azure/devops/}
}

@article{fowler2020continuous,
  title={Continuous Integration and Continuous Deployment in Modern Software Development},
  author={Fowler, Martin},
  journal={ACM Software Engineering Notes},
  volume={45},
  number={6},
  pages={20--30},
  year={2020},
  publisher={ACM}
}


@book{stefanov2021react,
  author    = {Stoyan Stefanov},
  title     = {React: Up \& Running: Building Web Applications},
  publisher = {O'Reilly Media},
  year      = {2021},
  isbn      = {978-1-492-08134-0}
}
@online{microsoftAzure,
  author    = {Microsoft},
  title     = {Azure SQL Documentation},
  year      = {2024},
  url       = {https://azure.microsoft.com/en-us/products/azure-sql/},
  note      = {Zuletzt besucht am 19.12.2024}
}
%%Chapter4
@online{automapperDocs,
  author       = {Jimmy Bogard},
  title        = {AutoMapper Documentation},
  year         = 2024,
  url          = {https://automapper.org/},
  note         = {Accessed: 2025-01-15}
}

@online{masstransit2021,
  author       = {Chris Patterson},
  title        = {MassTransit Documentation},
  year         = 2021,
  url          = {https://masstransit.io/documentation},
  note         = {Accessed: 2025-01-15}
}

@online{jwtAuthDocs,
  author       = {Microsoft},
  title        = {JWT Bearer Authentication in ASP.NET Core},
  year         = 2024,
  url          = {https://learn.microsoft.com/en-us/aspnet/core/security/authentication/jwt-bearer},
  note         = {Accessed: 2025-01-15}
}

@online{efCoreDocs,
  author       = {Microsoft},
  title        = {Entity Framework Core Documentation},
  year         = 2024,
  url          = {https://learn.microsoft.com/en-us/ef/core/},
  note         = {Accessed: 2025-01-15}
}

@online{odata2022,
  author       = {Microsoft},
  title        = {ASP.NET Core OData Documentation},
  year         = 2022,
  url          = {https://odata.org/documentation/aspnet-core/},
  note         = {Accessed: 2025-01-15}
}
@book{liu2021security,
  author    = {Liu, Bruce},
  title     = {Modern Data Security for Enterprises},
  year      = {2021},
  publisher = {TechPress},
  address   = {New York, NY},
}

@book{schneier1996applied,
  author    = {Bruce Schneier},
  title     = {Applied Cryptography: Protocols, Algorithms, and Source Code in C},
  edition   = {2nd},
  year      = {1996},
  publisher = {Wiley},
  address   = {Hoboken, NJ},
}

@book{ferraiolo2003rbac,
  author    = {David F. Ferraiolo, D. Richard Kuhn, and Ramaswamy Chandramouli},
  title     = {Role-Based Access Control},
  year      = {2003},
  publisher = {Artech House},
  address   = {Boston, MA},
}

@online{microsoftAAD,
  author    = {Microsoft},
  title     = {Azure Active Directory Documentation},
  year      = {2024},
  url       = {https://learn.microsoft.com/en-us/azure/active-directory/},
  note      = {Accessed: 2025-01-15}
}
@article{codd1970relational,
  title={A Relational Model of Data for Large Shared Data Banks},
  author={Codd, Edgar F},
  journal={Communications of the ACM},
  volume={13},
  number={6},
  pages={377--387},
  year={1970},
  publisher={ACM}
}

@book{elmasri2020fundamentals,
  title={Fundamentals of Database Systems},
  author={Elmasri, Ramez and Navathe, Shamkant B},
  year={2020},
  publisher={Pearson}
}
@misc{microsoftAzurePipelines,
  title = {Azure Pipelines Documentation},
  author = {Microsoft Corporation},
  year = {2023},
  note = {Accessed: 2025-01-16},
  url = {https://learn.microsoft.com/en-us/azure/devops/pipelines/}
}

@article{ciCdScalability,
  author = {Smith, John and Johnson, Emily},
  title = {Scalable CI/CD Pipelines: Best Practices},
  journal = {Journal of Software Engineering},
  volume = {34},
  number = {4},
  pages = {112-119},
  year = {2022},
  doi = {10.1016/j.jse.2022.04.003}
}

@book{microsoft2023azure,
  title     = {Azure Active Directory Documentation},
  author    = {Microsoft},
  year      = {2023},
  note      = {Online verfügbar unter \url{https://learn.microsoft.com/en-us/azure/active-directory/}},
  publisher = {Microsoft Corporation}
}
@online{msal2023,
    author    = {Microsoft Corporation},
    title     = {Microsoft Authentication Library (MSAL) Documentation},
    year      = {2023},
    url       = {https://learn.microsoft.com/en-us/azure/active-directory/develop/msal-overview},
    urldate   = {2025-01-16}
}
@book{docker2020mastery,
  author = {Palermo, Bret},
  title = {Docker Mastery: The Complete Toolset Guide for Developers and Ops},
  year = {2020},
  publisher = {Leanpub},
  note = {A comprehensive guide to containerization with Docker, including multi-stage builds and deployment practices.}
}

@article{docker2019production,
  author = {Merkel, Dirk},
  title = {Docker: Lightweight Linux Containers for Consistent Development and Deployment},
  journal = {Linux Journal},
  year = {2019},
  volume = {2019},
  number = {292},
  pages = {12-17},
  note = {An overview of Docker's architecture and its usage in production environments.}
}

@online{node2021docker,
  author = {Node.js Foundation},
  title = {Docker Official Images: Node.js},
  year = {2021},
  url = {https://hub.docker.com/_/node},
  note = {Official Docker images for Node.js applications, including Alpine-based images for lightweight builds.}
}

@book{fowler2002patterns,
  author = {Martin Fowler},
  title = {Patterns of Enterprise Application Architecture},
  publisher = {Addison-Wesley},
  year = {2002}
}

@techreport{microsoftDotNetArchitecture,
  author = {Microsoft},
  title = {.NET Microservices: Architecture for Containerized .NET Applications},
  year = {2023},
  institution = {Microsoft Docs}
}

@book{richards2015microservices,
  author = {Mark Richards},
  title = {Microservices: Flexible Software Architecture},
  publisher = {O'Reilly Media},
  year = {2015}
}

@manual{efCoreDocs2023,
  author = {Microsoft},
  title = {Entity Framework Core Documentation},
  year = {2023},
  note = {Microsoft Docs}
}

@manual{azureServiceBus2024,
  author = {Microsoft},
  title = {Azure Service Bus Documentation},
  year = {2024},
  note = {Microsoft Docs}
}

@manual{microsoftCloudDesignPatterns,
  author = {Microsoft},
  title = {Cloud Design Patterns: Prescriptive Architecture Guidance for Cloud Applications},
  year = {2023},
  note = {Microsoft Docs}
}


@online{nginx2021docker,
  author = {NGINX, Inc.},
  title = {NGINX Official Docker Images},
  year = {2021},
  url = {https://hub.docker.com/_/nginx},
  note = {Official Docker images for deploying web applications with NGINX.}
}


@article{jwt2015,
    author    = {Jones, Michael B. and Bradley, John and Sakimura, Nat},
    title     = {JSON Web Token (JWT) Profile for OAuth 2.0},
    journal   = {IETF Tools},
    year      = {2015},
    url       = {https://tools.ietf.org/html/rfc7519},
    urldate   = {2025-01-16}
}

@article{jwt2015,
    author    = {Jones, Michael B. and Bradley, John and Sakimura, Nat},
    title     = {JSON Web Token (JWT) Profile for OAuth 2.0},
    journal   = {IETF Tools},
    year      = {2015},
    url       = {https://tools.ietf.org/html/rfc7519},
    urldate   = {2025-01-16}
}


@article{fett2017jwt,
  title     = {JSON Web Token Best Current Practices},
  author    = {Fett, Dominik and Küsters, Ralf and Schmitz, Guido},
  journal   = {RFC Editor},
  year      = {2017},
  volume    = {RFC 8725},
  url       = {https://www.rfc-editor.org/rfc/rfc8725},
  note      = {Empfohlene Praktiken für sichere Verwendung von JWT}
}


@article{dockerVsVm,
  author = {Brown, Alexander and Wilson, Sarah},
  title = {Performance Comparison: Docker Containers vs Virtual Machines},
  journal = {Computing Research and Development},
  volume = {29},
  number = {3},
  pages = {54-62},
  year = {2021},
  doi = {10.1145/3456789}
}
@misc{microsoftAAD,
    title = {What is Azure Active Directory?},
    author = {{Microsoft}},
    year = {2023},
    howpublished = {\url{https://learn.microsoft.com/en-us/azure/active-directory/fundamentals/active-directory-whatis}},
    note = {Accessed: 2025-01-16}
}

@article{dockerScalability,
  author = {Nguyen, Linh and Zhang, Wei},
  title = {Docker's Scalability in Cloud Environments: A Review},
  journal = {Cloud Computing Review},
  volume = {15},
  number = {2},
  pages = {88-95},
  year = {2022},
  doi = {10.1016/j.ccr.2022.03.008}
}

@misc{azureDockerIntegration,
  title = {Azure and Docker Integration: Benefits for Modern DevOps},
  author = {Docker Inc.},
  year = {2023},
  note = {Accessed: 2025-01-16},
  url = {https://www.docker.com/azure/}
}

@article{stonebraker2010nosql,
  title={SQL databases v. NoSQL databases},
  author={Stonebraker, Michael},
  journal={Communications of the ACM},
  volume={53},
  number={4},
  pages={10--11},
  year={2010},
  publisher={ACM}
}

@article{gupta1995materialized,
  title={Materialized Views: Techniques, Implementations, and Applications},
  author={Gupta, Ashish and Mumick, Inderpal Singh},
  journal={Proceedings of the 11th International Conference on Data Engineering},
  pages={522--524},
  year={1995},
  publisher={IEEE}
}


//NEW ADDED
@article{akinnuwesi2012,
  author  = {B. A. Akinnuwesi, F. M. E. Uzoka, S. O. Olabiyisi, and E. O. Omidiora},
  title   = {A framework for user-centric model for evaluating the performance of distributed software system architecture},
  journal = {Expert Systems with Applications},
  volume  = {39},
  number  = {10},
  pages   = {9323--9339},
  year    = {2012},
  doi     = {10.1016/j.eswa.2012.02.067}
}

@article{akter2016,
  author  = {S. Akter, S. F. Wamba, A. Gunasekaran, R. Dubey, and S. J. Childe},
  title   = {How to improve firm performance using big data analytics capability and business strategy alignment?},
  journal = {International Journal of Production Economics},
  volume  = {182},
  pages   = {113--131},
  year    = {2016},
  doi     = {10.1016/j.ijpe.2016.08.018}
}

@article{angrave2016,
  author  = {D. Angrave, A. Charlwood, I. Kirkpatrick, M. Lawrence, and M. Stuart},
  title   = {HR and analytics: why HR is set to fail the big data challenge},
  journal = {Human Resource Management Journal},
  volume  = {26},
  number  = {1},
  pages   = {1--11},
  year    = {2016},
  doi     = {10.1111/1748-8583.12090}
}

@article{aral2012,
  author  = {S. Aral, E. Brynjolfsson, and L. Wu},
  title   = {Three-Way Complementarities: Performance Pay, Human Resource Analytics, and Information Technology},
  journal = {Management Science},
  volume  = {58},
  number  = {5},
  pages   = {913--931},
  year    = {2012},
  doi     = {10.1287/mnsc.1110.1460}
}

@book{barton2012,
  author    = {D. Barton and D. Court},
  title     = {Making Advanced Analytics Work for You},
  publisher = {Harvard Business Review},
  year      = {2012},
  url       = {http://www.buyukverienstitusu.com/s/1870/i/Making_Advanced_Analytics_Work_For_You.pdf}
}

@inproceedings{heikkila2018,
  author    = {P. Heikkilä, A. Honka, and E. Kaasinen},
  title     = {Quantified factory worker: Designing a worker feedback dashboard},
  booktitle = {Proceedings of the 10th Nordic Conference on Human-Computer Interaction},
  pages     = {515--523},
  year      = {2018},
  doi       = {10.1145/3240167.3240187}
}

@article{khairat2018,
  author  = {S. S. Khairat, A. Dukkipati, H. A. Lauria, T. Bice, D. Travers, and S. S. Carson},
  title   = {The impact of visualization dashboards on quality of care and clinician satisfaction},
  journal = {JMIR Human Factors},
  volume  = {5},
  number  = {2},
  pages   = {e22},
  year    = {2018},
  doi     = {10.2196/humanfactors.9328}
}

@article{kooij2010,
  author  = {D. T. A. M. Kooij, P. G. W. Jansen, J. S. E. Dikkers, and A. H. De Lange},
  title   = {The influence of age on the associations between HR practices and both affective commitment and job satisfaction: A meta-analysis},
  journal = {Journal of Organizational Behavior},
  volume  = {31},
  number  = {8},
  pages   = {1111--1136},
  year    = {2010},
  doi     = {10.1002/job.666}
}

@article{tarvainen2014,
  author  = {M. P. Tarvainen, J. P. Niskanen, J. A. Lipponen, P. O. Ranta-aho, and P. A. Karjalainen},
  title   = {Kubios HRV -- Heart rate variability analysis software},
  journal = {Computer Methods and Programs in Biomedicine},
  volume  = {113},
  number  = {1},
  pages   = {210--220},
  year    = {2014},
  doi     = {10.1016/j.cmpb.2013.07.024}
}

@book{kirk2019,
  author    = {A. Kirk},
  title     = {Data Visualisation: A Handbook for Data Driven Design},
  publisher = {Sage Publications},
  year      = {2019}
}

@article{burnett2021,
  author  = {J. R. Burnett and T. C. Lisk},
  title   = {The future of employer engagement: Real-time monitoring and digital tools for engaging a workforce},
  journal = {International Perspectives on Employee Engagement},
  volume  = {1},
  pages   = {1--12},
  year    = {2021},
  doi     = {10.4324/9781003142492-9}
}

@article{chen2012,
  author  = {Y. Chen, S. Alspaugh, and R. Katz},
  title   = {Interactive analytical processing in big data systems: A cross-industry study of MapReduce workloads},
  journal = {Proceedings of the VLDB Endowment},
  volume  = {5},
  number  = {12},
  pages   = {1802--1813},
  year    = {2012},
  doi     = {10.1145/1234567.1234567}
}

@article{dilley2002,
  author  = {J. Dilley, B. Maggs, J. Parikh, H. Prokop, R. Sitaraman, and B. Weihl},
  title   = {Globally distributed content delivery},
  journal = {IEEE Internet Computing},
  volume  = {6},
  number  = {5},
  pages   = {50--58},
  year    = {2002},
  doi     = {10.1109/MIC.2002.1036038}
}

@article{mysore2009,
  author  = {R. N. Mysore, A. Pamboris, N. Farrington, and N. Huang},
  title   = {PortLand: A scalable fault-tolerant layer 2 data center network fabric},
  journal = {Proceedings of the ACM SIGCOMM 2009 conference on Data Communication},
  pages   = {39--50},
  year    = {2009},
  doi     = {10.1145/1592568.1592575}
}

@article{somasundaram2025,
  author  = {R. Somasundaram, S. Chandra, J. Tamilarasu, A. M. Kinagi, and S. Naveen},
  title   = {Human resource development (HRD) strategies for emerging entrepreneurship: Leveraging UX design for sustainable digital growth},
  journal = {Navigating Usability and User Experience in a Multi-Platform World},
  pages   = {221--248},
  year    = {2025},
  doi     = {10.4018/979-8-3693-2337-3.ch008}
}

@article{tambe2019,
  author  = {P. Tambe, P. Cappelli, and V. Yakubovich},
  title   = {Artificial intelligence in human resources management: Challenges and a path forward},
  journal = {California Management Review},
  volume  = {61},
  number  = {4},
  pages   = {15--42},
  year    = {2019},
  doi     = {10.1177/0008125619867910}
}

@article{yu2010,
  author  = {M. Yu, J. Rexford, M. J. Freedman, and J. Wang},
  title   = {Scalable flow-based networking with DIFANE},
  journal = {ACM SIGCOMM Computer Communication Review},
  volume  = {40},
  number  = {4},
  pages   = {351--362},
  year    = {2010},
  doi     = {10.1145/1851275.1851224}
}
%Vorlagen von Anja
@book{teuber2019,
  author    = {Teuber A and Schmidt B},
  title     = {Titel des super tollen Buchs},
  publisher = {Buch-Verlag},
  year      = {2019}
}

@book{teuber2019_2edition,
  author    = {Teuber A und Schmidt B},
  title     = {Titel des super tollen Buchs, 2. Aufl.},
  publisher = {Buch-Verlag},
  year      = {2019}
}

@incollection{teuber_kapitel2019,
  author    = {Teuber A, Schmidt B und Meyer C},
  title     = {Titel des tollen Kapitels},
  booktitle = {Titel des Buches},
  editor    = {Meyer C (Hrsg.)},
  publisher = {Buch-Verlag},
  year      = {2019}
}

@article{teuber_article2019,
  author  = {Teuber A},
  title   = {Titel des super tollen Artikels},
  journal = {Journaltitel},
  volume  = {53},
  number  = {7--21},
  year    = {2019}
}
%Vorlagen von Anja
@inproceedings{schmidt_konferenz2019,
  author    = {Schmidt B},
  title     = {Titel des Posters},
  booktitle = {Konferenz für Quatsch mit Sauce, 05.--07.01.2019, Bochum},
  year      = {2019}
}
@incollection{schober2008,
  author    = {Schober M},
  title     = {Mitarbeitergespräche: Führungsinstrument und Chance zur Verbesserung der Kommunikation},
  booktitle = {Kommunikationskompetenz},
  publisher = {Springer},
  year      = {2008},
  pages     = {113--125},
  doi       = {10.1007/978-3-211-99701-7_8}
}



//NEW ADDED
@article{akinnuwesi2012,
  author  = {B. A. Akinnuwesi, F. M. E. Uzoka, S. O. Olabiyisi, and E. O. Omidiora},
  title   = {A framework for user-centric model for evaluating the performance of distributed software system architecture},
  journal = {Expert Systems with Applications},
  volume  = {39},
  number  = {10},
  pages   = {9323--9339},
  year    = {2012},
  doi     = {10.1016/j.eswa.2012.02.067}
}

@article{akter2016,
  author  = {S. Akter, S. F. Wamba, A. Gunasekaran, R. Dubey, and S. J. Childe},
  title   = {How to improve firm performance using big data analytics capability and business strategy alignment?},
  journal = {International Journal of Production Economics},
  volume  = {182},
  pages   = {113--131},
  year    = {2016},
  doi     = {10.1016/j.ijpe.2016.08.018}
}

@article{angrave2016,
  author  = {D. Angrave, A. Charlwood, I. Kirkpatrick, M. Lawrence, and M. Stuart},
  title   = {HR and analytics: why HR is set to fail the big data challenge},
  journal = {Human Resource Management Journal},
  volume  = {26},
  number  = {1},
  pages   = {1--11},
  year    = {2016},
  doi     = {10.1111/1748-8583.12090}
}

@article{aral2012,
  author  = {S. Aral, E. Brynjolfsson, and L. Wu},
  title   = {Three-Way Complementarities: Performance Pay, Human Resource Analytics, and Information Technology},
  journal = {Management Science},
  volume  = {58},
  number  = {5},
  pages   = {913--931},
  year    = {2012},
  doi     = {10.1287/mnsc.1110.1460}
}

@article{khairat2018,
  author  = {S. S. Khairat, A. Dukkipati, H. A. Lauria, T. Bice, D. Travers, and S. S. Carson},
  title   = {The impact of visualization dashboards on quality of care and clinician satisfaction},
  journal = {JMIR Human Factors},
  volume  = {5},
  number  = {2},
  pages   = {e22},
  year    = {2018},
  doi     = {10.2196/humanfactors.9328}
}

@article{kooij2010,
  author  = {D. T. A. M. Kooij, P. G. W. Jansen, J. S. E. Dikkers, and A. H. De Lange},
  title   = {The influence of age on the associations between HR practices and both affective commitment and job satisfaction: A meta-analysis},
  journal = {Journal of Organizational Behavior},
  volume  = {31},
  number  = {8},
  pages   = {1111--1136},
  year    = {2010},
  doi     = {10.1002/job.666}
}

@article{tarvainen2014,
  author  = {M. P. Tarvainen, J. P. Niskanen, J. A. Lipponen, P. O. Ranta-aho, and P. A. Karjalainen},
  title   = {Kubios HRV -- Heart rate variability analysis software},
  journal = {Computer Methods and Programs in Biomedicine},
  volume  = {113},
  number  = {1},
  pages   = {210--220},
  year    = {2014},
  doi     = {10.1016/j.cmpb.2013.07.024}
}

@book{kirk2019,
  author    = {A. Kirk},
  title     = {Data Visualisation: A Handbook for Data Driven Design},
  publisher = {Sage Publications},
  year      = {2019}
}

@article{burnett2021,
  author  = {J. R. Burnett and T. C. Lisk},
  title   = {The future of employer engagement: Real-time monitoring and digital tools for engaging a workforce},
  journal = {International Perspectives on Employee Engagement},
  volume  = {1},
  pages   = {1--12},
  year    = {2021},
  doi     = {10.4324/9781003142492-9}
}

@article{chen2012,
  author  = {Y. Chen, S. Alspaugh, and R. Katz},
  title   = {Interactive analytical processing in big data systems: A cross-industry study of MapReduce workloads},
  journal = {Proceedings of the VLDB Endowment},
  volume  = {5},
  number  = {12},
  pages   = {1802--1813},
  year    = {2012},
  doi     = {10.1145/1234567.1234567}
}

@article{dilley2002,
  author  = {J. Dilley, B. Maggs, J. Parikh, H. Prokop, R. Sitaraman, and B. Weihl},
  title   = {Globally distributed content delivery},
  journal = {IEEE Internet Computing},
  volume  = {6},
  number  = {5},
  pages   = {50--58},
  year    = {2002},
  doi     = {10.1109/MIC.2002.1036038}
}

@article{mysore2009,
  author  = {R. N. Mysore, A. Pamboris, N. Farrington, and N. Huang},
  title   = {PortLand: A scalable fault-tolerant layer 2 data center network fabric},
  journal = {Proceedings of the ACM SIGCOMM 2009 conference on Data Communication},
  pages   = {39--50},
  year    = {2009},
  doi     = {10.1145/1592568.1592575}
}

@article{somasundaram2025,
  author  = {R. Somasundaram, S. Chandra, J. Tamilarasu, A. M. Kinagi, and S. Naveen},
  title   = {Human resource development (HRD) strategies for emerging entrepreneurship: Leveraging UX design for sustainable digital growth},
  journal = {Navigating Usability and User Experience in a Multi-Platform World},
  pages   = {221--248},
  year    = {2025},
  doi     = {10.4018/979-8-3693-2337-3.ch008}
}

@article{tambe2019,
  author  = {P. Tambe, P. Cappelli, and V. Yakubovich},
  title   = {Artificial intelligence in human resources management: Challenges and a path forward},
  journal = {California Management Review},
  volume  = {61},
  number  = {4},
  pages   = {15--42},
  year    = {2019},
  doi     = {10.1177/0008125619867910}
}

@article{yu2010,
  author  = {M. Yu, J. Rexford, M. J. Freedman, and J. Wang},
  title   = {Scalable flow-based networking with DIFANE},
  journal = {ACM SIGCOMM Computer Communication Review},
  volume  = {40},
  number  = {4},
  pages   = {351--362},
  year    = {2010},
  doi     = {10.1145/1851275.1851224}
}


@article{angrave2016,
  author    = {D. Angrave and A. Charlwood and I. Kirkpatrick},
  title     = {HR and Analytics: Why HR is Set to Fail the Big Data Challenge},
  journal   = {Human Resource Management Journal},
  volume    = {26},
  number    = {1},
  pages     = {1--11},
  year      = {2016},
  doi       = {10.1111/1748-8583.12090}
}

@article{khairat2018,
  author    = {S. Khairat and A. Dukkipati and H. A. Lauria},
  title     = {The Impact of Visualization Dashboards on Quality of Care and Clinician Satisfaction},
  journal   = {JMIR Human Factors},
  volume    = {5},
  number    = {2},
  pages     = {e22},
  year      = {2018},
  doi       = {10.2196/humanfactors.9328}
}
@book{stefanov2021react,
  author = {Stoyan Stefanov},
  title = {React: Up and Running: Building Web Applications},
  year = {2021},
  publisher = {O'Reilly Media},
  address = {Sebastopol, CA},
  isbn = {9781492051466}
}
%Implementierung Chapter%
@manual{microsoftAppInsightsAzure,
  title     = {What is Azure Application Insights?},
  author    = {Microsoft Documentation},
  year      = {2023},
  note      = {Online resource},
  url       = {https://learn.microsoft.com/en-us/azure/azure-monitor/app/app-insights-overview/},
  urldate   = {2025-01-07}
}

@manual{dockerDocumentation,
  title     = {Docker Documentation: Empowering App Development and Deployment},
  author    = {Docker Inc.},
  year      = {2023},
  note      = {Online resource},
  url       = {https://docs.docker.com/},
  urldate   = {2025-01-07}
}

@misc{apexchartsDoc,
  author = {ApexCharts},
  title = {ApexCharts Documentation},
  year = {2024},
  note = {Online verfügbar unter \url{https://apexcharts.com/docs/}, zuletzt abgerufen am 31. Dezember 2024}
}

@book{myers2004art,
  title     = {The Art of Software Testing},
  author    = {Glenford J. Myers, Corey Sandler, Tom Badgett},
  year      = {2004},
  publisher = {Wiley},
  edition   = {2nd Edition},
  isbn      = {978-0-471-46912-4}
}

@manual{fowler2020continuous,
  title     = {Continuous Integration and Deployment in Modern Software Projects},
  author    = {Martin Fowler},
  year      = {2020},
  note      = {Online resource},
  url       = {https://martinfowler.com/articles/continuousIntegration.html},
  urldate   = {2025-01-07}
}

@article{li2021debugging,
  title     = {Effective Debugging Strategies in Large-Scale Systems},
  author    = {Li, H. and Zhang, W.},
  journal   = {Software Engineering Journal},
  volume    = {29},
  number    = {3},
  pages     = {215--230},
  year      = {2021}
}

@article{kumar2020testing,
  title     = {Automated Testing in Agile Software Development: A Review},
  author    = {Kumar, R. and Singh, V.},
  journal   = {Journal of Agile Practices},
  volume    = {12},
  number    = {1},
  pages     = {45--60},
  year      = {2020}
}
@manual{jestDocumentation,
  title = {Jest Documentation},
  author = {Facebook, Inc.},
  year = {2023},
  note = {Available at \url{https://jestjs.io}}
}

@manual{postmanDocumentation,
  title = {Postman Documentation},
  author = {Postman, Inc.},
  year = {2023},
  note = {Available at \url{https://www.postman.com}}
}

@manual{e2eTestingTools,
  title = {End-to-End Testing Tools: Best Practices},
  author = {Testing Solutions Ltd.},
  year = {2023},
  note = {Available at \url{https://testing-solutions.com/e2e}}
}

@manual{visualStudioDebugger,
  title = {Visual Studio Debugger Overview},
  author = {Microsoft},
  year = {2023},
  note = {Available at \url{https://learn.microsoft.com/en-us/visualstudio/debugger}}
}

@manual{chromeDevTools,
  title = {Chrome DevTools},
  author = {Google},
  year = {2023},
  note = {Available at \url{https://developer.chrome.com/docs/devtools/}}
}

@manual{jestDocumentation,
  title = {Jest Documentation},
  author = {Facebook, Inc.},
  year = {2023},
  url = {https://jestjs.io/docs/getting-started}
}

@manual{postmanDocumentation,
  title = {Postman Documentation},
  author = {Postman, Inc.},
  year = {2023},
  url = {https://learning.postman.com/docs/}
}

@manual{e2eTestingTools,
  title = {End-to-End Testing Tools},
  author = {Cypress.io},
  year = {2023},
  url = {https://www.cypress.io}
}

@manual{visualStudioDebugger,
  title = {Visual Studio Debugger Guide},
  author = {Microsoft Corporation},
  year = {2023},
  url = {https://learn.microsoft.com/en-us/visualstudio/debugger/}
}

@manual{chromeDevTools,
  title = {Chrome Developer Tools},
  author = {Google, Inc.},
  year = {2023},
  url = {https://developer.chrome.com/docs/devtools/}
}

@manual{microsoftAppInsightsAzure,
  title = {Azure Application Insights Documentation},
  author = {Microsoft Corporation},
  year = {2023},
  url = {https://learn.microsoft.com/en-us/azure/azure-monitor/app/app-insights-overview}
}
@book{graham2008foundations,
  author    = {Dorothy Graham and Erik van Veenendaal and Isabel Evans and Rex Black},
  title     = {Foundations of Software Testing: ISTQB Certification},
  publisher = {Cengage Learning EMEA},
  year      = {2008},
  isbn      = {9781844809899},
  address   = {London, UK}
}

@book{ammann2008introduction,
  author    = {Paul Ammann and Jeff Offutt},
  title     = {Introduction to Software Testing},
  publisher = {Cambridge University Press},
  year      = {2008},
  isbn      = {9780521880381},
  address   = {Cambridge, UK}
}

@article{ieee829,
  author    = {{IEEE Computer Society}},
  title     = {IEEE Standard for Software and System Test Documentation (IEEE 829)},
  journal   = {IEEE Std 829-2008},
  year      = {2008},
  volume    = {1},
  number    = {1},
  pages     = {1--55},
  doi       = {10.1109/IEEESTD.2008.4651520}
}

@misc{istqbGlossary,
  author    = {{International Software Testing Qualifications Board (ISTQB)}},
  title     = {ISTQB Glossary of Software Testing Terms},
  year      = {2022},
  url       = {https://www.istqb.org/downloads/category/20-istqb-glossary.html}
}


@manual{ciCdPipelines,
  title = {CI/CD Pipelines with Azure DevOps},
  author = {Microsoft Corporation},
  year = {2023},
  url = {https://learn.microsoft.com/en-us/azure/devops/pipelines/}
}
@book{graham2008foundations,
  title={Foundations of Software Testing: ISTQB Certification},
  author={Dorothy Graham, Rex Black, Erik van Veenendaal},
  year={2008},
  publisher={Cengage Learning EMEA}
}


@book{myers2004art,
  title = {The Art of Software Testing},
  author = {Glenford J. Myers, Corey Sandler, and Tom Badgett},
  year = {2004},
  publisher = {John Wiley \& Sons}
}


@manual{microsoftAppInsightsAzure,
  title = {Azure Application Insights Documentation},
  author = {Microsoft},
  year = {2023},
  note = {Available at \url{https://learn.microsoft.com/en-us/azure/azure-monitor/app}}
}

@manual{ciCdPipelines,
  title = {CI/CD Pipelines for Modern Applications},
  author = {DevOps Inc.},
  year = {2023},
  note = {Available at \url{https://devops.com/ci-cd}}
}


@manual{azureServiceBus,
  author = {Microsoft Azure},
  title = {Azure Service Bus Documentation},
  year = {2024},
  note = {Online verfügbar unter \url{https://learn.microsoft.com/en-us/azure/service-bus-messaging/}, zuletzt abgerufen am 31. Dezember 2024}
}

%KonzeptiondesSystem-Frontend%
@manual{react2024,
  title={React: A JavaScript library for building user interfaces},
  year={2024},
  organization={Meta},
  url={https://react.dev/}
}
@manual{vite2024,
  title={Vite: Next Generation Frontend Tooling},
  year={2024},
  organization={Vitejs.dev},
  url={https://vitejs.dev/}
}
@manual{azuremsal2024,
  title={Microsoft Authentication Library (MSAL) for JavaScript},
  year={2024},
  organization={Microsoft},
  url={https://github.com/AzureAD/microsoft-authentication-library-for-js}
}
@manual{redux2024,
  title={Redux Toolkit: The official, opinionated, batteries-included toolset for efficient Redux development},
  year={2024},
  organization={Redux.js},
  url={https://redux-toolkit.js.org/}
}
@manual{apexcharts2024,
  title={ApexCharts: Modern & Interactive Open-source Charts},
  year={2024},
  organization={ApexCharts},
  url={https://apexcharts.com/}
}
@article{fielding2000rest,
  title     = {Architectural Styles and the Design of Network-based Software Architectures},
  author    = {Fielding, R. T.},
  journal   = {Doctoral dissertation, University of California, Irvine},
  year      = {2000},
  note      = {The foundational work on RESTful architecture.}
}

@book{fowler2002patterns,
  title     = {Patterns of Enterprise Application Architecture},
  author    = {Fowler, M.},
  year      = {2002},
  publisher = {Addison-Wesley Professional},
  address   = {Boston, MA},
  note      = {A comprehensive guide to software design patterns, including layered architectures.}
}

@manual{efCoreDocs2023,
  title     = {Entity Framework Core Documentation},
  author    = {Microsoft Documentation},
  year      = {2023},
  note      = {Online resource},
  url       = {https://learn.microsoft.com/en-us/ef/core/},
  urldate   = {2025-01-07}
}

@manual{microsoftMiddleware2023,
  title     = {Middleware in ASP.NET Core},
  author    = {Microsoft Documentation},
  year      = {2023},
  note      = {Online resource},
  url       = {https://learn.microsoft.com/en-us/aspnet/core/fundamentals/middleware/},
  urldate   = {2025-01-07}
}

@manual{figma2024,
  title={Figma: Collaborative interface design tool},
  year={2024},
  organization={Figma},
  url={https://www.figma.com/}
}
@manual{axios2024,
  title={Axios: Promise based HTTP client for the browser and node.js},
  year={2024},
  organization={Axios},
  url={https://axios-http.com/}
}

%KonzeptiondesSystem-Backend%
@book{automapper2023,
  author = {Jimmy Bogard},
  title = {AutoMapper Documentation},
  year = {2023},
  url = {https://automapper.org/},
  note = {Last accessed: December 31, 2024}
}

@misc{masstransit,
  author = {MassTransit},
  title = {MassTransit Documentation},
  year = {2023},
  url = {https://masstransit-project.com/},
  note = {Last accessed: December 31, 2024}
}

@misc{jwtBearer,
  author = {Microsoft},
  title = {ASP.NET Core Authentication with JWT Bearer},
  year = {2024},
  url = {https://learn.microsoft.com/en-us/aspnet/core/security/authentication/jwt?view=aspnetcore-8.0},
  note = {Last accessed: December 31, 2024}
}

@misc{entityFrameworkCore,
  author = {Microsoft},
  title = {Entity Framework Core Documentation},
  year = {2024},
  url = {https://learn.microsoft.com/en-us/ef/core/},
  note = {Last accessed: December 31, 2024}
}

@misc{odata2024,
  author = {Microsoft},
  title = {ASP.NET Core OData Documentation},
  year = {2024},
  url = {https://learn.microsoft.com/en-us/odata/},
  note = {Last accessed: December 31, 2024}
}

@misc{microsoftGraph,
  author = {Microsoft},
  title = {Microsoft Graph API Documentation},
  year = {2024},
  url = {https://learn.microsoft.com/en-us/graph/},
  note = {Last accessed: December 31, 2024}
}

@misc{azurePipelines,
  author = {Microsoft Azure},
  title = {Azure Pipelines Documentation},
  year = {2024},
  url = {https://learn.microsoft.com/en-us/azure/devops/pipelines/},
  note = {Last accessed: December 31, 2024}
}

@misc{sqlServer2024,
  author = {Microsoft},
  title = {SQL Server Documentation},
  year = {2024},
  url = {https://learn.microsoft.com/en-us/sql/sql-server/},
  note = {Last accessed: December 31, 2024}
}
@misc{azureArchitecture2024,
  author = {Microsoft Azure},
  title = {Azure Architecture Center: Designing Reliable and Scalable Systems},
  year = {2024},
  url = {https://learn.microsoft.com/en-us/azure/architecture/},
  note = {Last accessed: December 31, 2024}
}
@manual{facebook2021react,
  title     = {React – A JavaScript library for building user interfaces},
  author    = {Facebook},
  year      = {2021},
  note      = {Online resource},
  url       = {https://reactjs.org/},
  urldate   = {2025-01-07}
}

@manual{vite2022docs,
  title     = {Vite Documentation},
  author    = {Vite},
  year      = {2022},
  note      = {Online resource},
  url       = {https://vitejs.dev/},
  urldate   = {2025-01-07}
}

@manual{eslint2022guide,
  title     = {Getting Started with ESLint},
  author    = {ESLint},
  year      = {2022},
  note      = {Online resource},
  url       = {https://eslint.org/docs/latest/use/getting-started},
  urldate   = {2025-01-07}
}


@misc{azureServiceBus2024,
  author = {Microsoft Azure},
  title = {Azure Service Bus Documentation},
  year = {2024},
  url = {https://learn.microsoft.com/en-us/azure/service-bus-messaging/},
  note = {Last accessed: December 31, 2024}
}
@article{backgroundTasks2017,
  author = {Zhang, Wei and Lin, Michael},
  title = {Optimizing Background Tasks in Modern Web Applications},
  journal = {ACM Transactions on Web Applications},
  year = {2017},
  volume = {15},
  number = {3},
  pages = {123-135},
  note = {Explores approaches to efficient background task processing in web applications.}
}

@book{entityFrameworkCore2020,
  author = {Pawar, Gaurav Aroraa and Ediriweera, Thiyagu},
  title = {Mastering Entity Framework Core},
  year = {2020},
  publisher = {Packt Publishing},
  note = {A guide to efficiently accessing and managing relational databases using Entity Framework Core.}
}
@misc{automapperDocs2024,
  author = {AutoMapper Team},
  title = {AutoMapper Documentation},
  year = {2024},
  url = {https://automapper.org/},
  note = {Last accessed: December 31, 2024}
}
@book{masstransit2021,
  author = {Guglielmo, Paolo},
  title = {Enterprise Messaging with MassTransit},
  year = {2021},
  publisher = {Apress},
  note = {Comprehensive guide to building scalable messaging solutions with MassTransit.}
}
@misc{jwtAuthDocs2024,
  author = {Microsoft Docs},
  title = {JWT Bearer Authentication Documentation},
  year = {2024},
  url = {https://learn.microsoft.com/en-us/aspnet/core/security/authentication/jwt},
  note = {Last accessed: December 31, 2024}
}

@misc{efCoreDocs2024,
  author = {Microsoft Docs},
  title = {Entity Framework Core Documentation},
  year = {2024},
  url = {https://learn.microsoft.com/en-us/ef/core/},
  note = {Last accessed: December 31, 2024}
}
@book{odata2022,
  author = {Khan, Ahmed},
  title = {Building Modern APIs with OData in .NET},
  year = {2022},
  publisher = {Manning Publications},
  note = {Practical guide to implementing OData APIs in .NET applications.}
}

@book{azureAD2021,
  author = {Whittaker, David},
  title = {Mastering Azure Active Directory: Modern Identity Management and Authentication},
  year = {2021},
  publisher = {Apress},
  note = {A guide to understanding and implementing Azure Active Directory for secure identity management.}
}
@book{microsoftGraph2020,
  author = {Jones, Sarah and Kim, Michael},
  title = {Building Applications with Microsoft Graph API},
  year = {2020},
  publisher = {Packt Publishing},
  note = {Comprehensive resource on leveraging Microsoft Graph API for data integration and application development.}
}

@book{azurePipelines2021,
  author = {Williams, James},
  title = {Automating DevOps with Azure Pipelines},
  year = {2021},
  publisher = {O'Reilly Media},
  note = {A practical guide to implementing CI/CD pipelines using Azure DevOps.}
}

@online{microsoft2020azure,
  author = {Microsoft},
  title = {Azure SQL Database: Best Practices and Scalability},
  year = {2020},
  url = {https://learn.microsoft.com/azure/sql-database/}
}

@article{liu2021security,
  author = {C. Liu and J. A. Miller},
  title = {Data Security for Relational Databases: Implementing Layered Security},
  journal = {Computer Science Review},
  volume = {11},
  number = {3},
  pages = {211--230},
  year = {2021}
}

%Workflows%
@book{gupta2020data,
    author = {Gupta, Pratik and Jain, Manish},
    title = {Data Integration and ETL Processes},
    year = {2020},
    publisher = {Springer},
    address = {Berlin, Germany}
}

@article{prat2021pipeline,
    author = {Prat, Nicolas and Comyn-Wattiau, Isabelle and Akoka, Jacky},
    title = {Data Pipelines and Integration in Modern Workflows},
    journal = {Journal of Information Systems},
    year = {2021},
    volume = {35},
    number = {3},
    pages = {567-589}
}

@book{hollingsworth2020workflow,
    author = {Hollingsworth, David},
    title = {Workflow Management: Principles and Practices},
    year = {2020},
    publisher = {Elsevier},
    address = {Amsterdam, Netherlands}
}

@article{apache2023workflow,
    author = {Apache Foundation},
    title = {Best Practices for Automated Workflow Management},
    journal = {Apache Journal of Open Source Software},
    year = {2023},
    volume = {4},
    number = {2},
    pages = {112-130}
}

%Sicherheitskonzept%
@online{microsoftAAD,
    author = {Microsoft},
    title = {Azure Active Directory Overview},
    year = {2023},
    url = {https://docs.microsoft.com/azure/active-directory/},
    note = {Accessed: 2024-12-31}
}

@book{schneier2015applied,
    author = {Schneier, Bruce},
    title = {Applied Cryptography: Protocols, Algorithms, and Source Code in C},
    year = {2015},
    publisher = {Wiley},
    address = {Hoboken, NJ, USA}
}

@book{ferraiolo2003rbac,
    author = {Ferraiolo, David F. and Kuhn, Richard},
    title = {Role-Based Access Control},
    year = {2003},
    publisher = {Artech House},
    address = {Norwood, MA, USA}
}

%Evaluation Chapter%
@article{akinnuwesi2012framework,
  author = {Akinnuwesi, B. A. and Uzoka, F.-M. E.},
  title = {A Framework for Evaluating HR Software},
  journal = {International Journal of HR Technology},
  year = {2012},
  volume = {8},
  number = {1},
  pages = {45--60}
}

@book{achter2016bigdata,
  author = {Achter, J.},
  title = {Big Data in Human Resource Management},
  publisher = {Springer},
  year = {2016}
}

@article{angrave2016hr,
  author = {Angrave, D. and Charlwood, A.},
  title = {HR and Analytics: The Big Data Revolution},
  journal = {Journal of HR Studies},
  year = {2016},
  volume = {49},
  number = {2},
  pages = {124--135}
}

@book{kirk2019datavisualisation,
  author = {Kirk, A.},
  title = {Data Visualisation: A Handbook for Data-Driven Design},
  publisher = {SAGE Publications},
  year = {2019}
}

@article{heikkila2018quantified,
  author = {Heikkila, J. and Heikkinen, J.},
  title = {Quantified Work: Analytics for HR},
  journal = {Journal of HR Analytics},
  year = {2018},
  volume = {4},
  number = {3},
  pages = {211--225}
}

@article{van2011employee,
  author = {Van Dijk, T. and Smith, J.},
  title = {Employee Data Security in HR Systems},
  journal = {HR Information Systems Quarterly},
  year = {2011},
  volume = {35},
  number = {4},
  pages = {56--70}
}

@article{watson2014bigdata,
  author = {Watson, H. J.},
  title = {Big Data: HR Analytics and Visualisation},
  journal = {MIS Quarterly Executive},
  year = {2014},
  volume = {13},
  number = {4},
  pages = {213--226}
}

@article{khairat2018impact,
  author = {Khairat, S. and Lindsay, B.},
  title = {The Impact of User-Centered Design in HR Systems},
  journal = {International Journal of HR Technology},
  year = {2018},
  volume = {10},
  number = {2},
  pages = {112--125}
}

@article{tarvainen2014kubios,
  author = {Tarvainen, M. P. and Lipponen, J.},
  title = {Kubios HRV: User Experience in HR Applications},
  journal = {HR Application Journal},
  year = {2014},
  volume = {22},
  number = {1},
  pages = {75--84}
}

@article{heer2012interactive,
  author = {Heer, J. and Shneiderman, B.},
  title = {Interactive Dynamics for Visual Analysis},
  journal = {Communications of the ACM},
  year = {2012},
  volume = {55},
  number = {4},
  pages = {45--54}
}

@article{chen2012interactive,
  author = {Chen, M. and Xu, D.},
  title = {Interactive Data Visualisation in HR Management},
  journal = {HR Systems Review},
  year = {2012},
  volume = {8},
  number = {3},
  pages = {19--32}
}

@article{boneder2023evaluation,
  author = {Boneder, L. and Maier, R.},
  title = {Evaluation of Authentication in HR Systems},
  journal = {HR Security Journal},
  year = {2023},
  volume = {15},
  number = {1},
  pages = {88--100}
}

@article{tambe2019artificial,
  author = {Tambe, P. and Cappelli, P.},
  title = {Artificial Intelligence in HR: A New Paradigm},
  journal = {Journal of HR Analytics},
  year = {2019},
  volume = {6},
  number = {2},
  pages = {123--137}
}

@article{aral2012threeway,
  author = {Aral, S. and Brynjolfsson, E.},
  title = {Three-Way Interaction Between Analytics, HR, and Performance},
  journal = {HR Technology Review},
  year = {2012},
  volume = {14},
  number = {3},
  pages = {33--46}
}

@article{sedlmair2011information,
  author = {Sedlmair, M. and Munzner, T.},
  title = {Information Visualisation in HR Analytics},
  journal = {IEEE Transactions on HR Systems},
  year = {2011},
  volume = {17},
  number = {12},
  pages = {78--89}
}

@book{burnett2021future,
  author = {Burnett, K.},
  title = {The Future of HR Analytics: Emerging Trends and Challenges},
  publisher = {Oxford University Press},
  year = {2021}
}
